<?xml version="1.0" encoding="UTF-8"?>
<SOAP-ENV:Envelope xmlns:SOAP-ENV="http://schemas.xmlsoap.org/soap/envelope/" xmlns:of="http://oss.dbc.dk/ns/openformat" xmlns:ofo="http://oss.dbc.dk/ns/openformatoutput"><SOAP-ENV:Body><of:formatResponse><marc:record xmlns:marc="http://www.loc.gov/MARC21/slim"><leader>00000nac a22000000c 4500</leader><controlfield tag="001">870970:29080380</controlfield><controlfield tag="003">DKDLA</controlfield><controlfield tag="005">20111212180733.0</controlfield><controlfield tag="007">ta</controlfield><controlfield tag="008">111118s2011    dk ||||&lt;marcx:subfield xmlns:marcx="info:lc/xmlns/marcxchange-v1" xmlns:ns1="http://oss.dbc.dk/ns/openformat" xmlns:of="http://oss.dbc.dk/ns/openformat" xmlns:os="http://oss.dbc.dk/ns/opensearch" code="x"&gt;04&lt;/marcx:subfield&gt;&lt;marcx:subfield xmlns:marcx="info:lc/xmlns/marcxchange-v1" xmlns:ns1="http://oss.dbc.dk/ns/openformat" xmlns:of="http://oss.dbc.dk/ns/openformat" xmlns:os="http://oss.dbc.dk/ns/opensearch" code="x"&gt;06&lt;/marcx:subfield&gt;| ||| 00||udan||</controlfield><datafield ind1=" " ind2="0" tag="245"><subfield code="a">Hvor lidt der skal til :</subfield><subfield code="b">en bog om Helle Helles forfatterskab</subfield></datafield><datafield ind1=" " ind2=" " tag="260"><subfield code="b">Syddansk Universitetsforlag :</subfield><subfield code="b">Rosinante,</subfield><subfield code="c">2011</subfield></datafield><datafield ind1=" " ind2=" " tag="300"><subfield code="a">310 sider</subfield></datafield><datafield ind1=" " ind2=" " tag="490"><subfield code="a">University of Southern Denmark studies in Scandinavian languages and literatures ;</subfield><subfield code="v">vol. 106</subfield></datafield><datafield ind1="1" ind2=" " tag="700"><subfield code="a">Ꜳbenhus, Jørgen</subfield><subfield code="4">edt</subfield></datafield><datafield ind1="1" ind2=" " tag="700"><subfield code="a">Bech Albertsen, Anita Nell</subfield><subfield code="4">edt</subfield></datafield><datafield ind1="1" ind2=" " tag="700"><subfield code="a">Krogh Hansen, Per</subfield><subfield code="4">edt</subfield></datafield><datafield ind1="0" ind2=" " tag="710"><subfield code="a">Syddansk Universitet</subfield></datafield></marc:record></of:formatResponse></SOAP-ENV:Body></SOAP-ENV:Envelope>
